@misc{bakhvalov-2019,
  author = {Bakhvalov, Denis},
  month  = {03},
  title  = {{Machine code layout optimizations. | Easyperf}},
  url    = {https://easyperf.net/blog/2019/03/27/Machine-code-layout-optimizatoins},
  year   = {2019}
}
@book{cooper2011engineering,
  title     = {Engineering a compiler},
  author    = {Cooper, Keith D and Torczon, Linda},
  year      = {2011},
  publisher = {Elsevier}
}

@misc{unknown-author-2022,
  author = {I},
  month  = {03},
  title  = {{树链剖分 - OI Wiki}},
  url    = {https://oi-wiki.org/graph/hld/},
  year   = {2022}
}

@article{forsythe1964algorithms,
  title     = {Algorithms},
  author    = {Forsythe, George E},
  journal   = {Communications of the ACM},
  volume    = {7},
  number    = {6},
  pages     = {347--349},
  year      = {1964},
  publisher = {ACM New York, NY, USA}
}
